@article{yamaguchi_hi,
  title={Wide post-common envelope binaries containing ultramassive white dwarfs: evidence for efficient envelope ejection in massive asymptotic giant branch stars},
  author={Yamaguchi, Natsuko and El-Badry, Kareem and Fuller, Jim and Latham, David W and Cargile, Phillip A and Mazeh, Tsevi and Shahaf, Sahar and Bieryla, Allyson and Buchhave, Lars A and Hobson, Melissa},
  journal={Monthly Notices of the Royal Astronomical Society},
  volume={527},
  number={4},
  pages={11719--11739},
  year={2024},
  publisher={Oxford University Press}
}


@article{yamaguchi_lo,
  title={Wide post-common envelope binaries from Gaia: orbit validation and formation models},
  author={Yamaguchi, Natsuko and El-Badry, Kareem and Rees, Natalie and Shahaf, Sahar and Mazeh, Tsevi and Andrae, Ren{\'e}},
  journal={arXiv preprint arXiv:2405.06020},
  year={2024}
}

@article{claeys2014theoretical,
  title={Theoretical uncertainties of the Type Ia supernova rate},
  author={Claeys, JSW and Pols, OR and Izzard, RG and Vink, J and Verbunt, FWM},
  journal={Astronomy \& Astrophysics},
  volume={563},
  pages={A83},
  year={2014},
  publisher={EDP Sciences}
}

@article{rappaport1995relation,
  title={The relation between white dwarf mass and orbital period in wide binary radio pulsars},
  author={Rappaport, S and Podsiadlowski, Ph and Joss, PC and Di Stefano, R and Han, Z},
  journal={Monthly Notices of the Royal Astronomical Society},
  volume={273},
  number={3},
  pages={731--741},
  year={1995},
  publisher={The Royal Astronomical Society}
}

@article{Agrawal_2020,
   title={The fates of massive stars: exploring uncertainties in stellar evolution with metisse},
   volume={497},
   ISSN={1365-2966},
   url={http://dx.doi.org/10.1093/mnras/staa2264},
   DOI={10.1093/mnras/staa2264},
   number={4},
   journal={Monthly Notices of the Royal Astronomical Society},
   publisher={Oxford University Press (OUP)},
   author={Agrawal, Poojan and Hurley, Jarrod and Stevenson, Simon and Szécsi, Dorottya and Flynn, Chris},
   year={2020},
   month=aug, pages={4549–4564} }

@article{Agrawal_2023,
   title={Modelling stellar evolution in mass-transferring binaries and gravitational-wave progenitors with <scp>metisse</scp>},
   volume={525},
   ISSN={1365-2966},
   url={http://dx.doi.org/10.1093/mnras/stad2334},
   DOI={10.1093/mnras/stad2334},
   number={1},
   journal={Monthly Notices of the Royal Astronomical Society},
   publisher={Oxford University Press (OUP)},
   author={Agrawal, Poojan and Hurley, Jarrod and Stevenson, Simon and Rodriguez, Carl L and Szécsi, Dorottya and Kemp, Alex},
   year={2023},
   month=aug, pages={933–951} }

